@online{Khcm5FZT2rH5pABQ,
  journal = {CCS.cz},
  title = {Tank Navigator},
  urldate = {2025-02-24},
  url = {https://www.ccs.cz/mobilni-aplikace},
}

@article{Vrablova2023,
  author = {Vendula Flassig Vrablová},
  journal = {Portál řidiče},
  title = {Aby vás pohonné hmoty nezruinovaly. Poradíme, jak ušetřit},
  year = {2023},
  urldate = {2025-02-24},
  url = {https://www.portalridice.cz/clanek/aby-vas-pohonne-hmoty-nezruinovaly-poradime-jak-usetrit},
}

@online{r6fadX3YRnFIir68,
  journal = {Practical Tips},
  title = {Srovnání aplikací na pohonné hmoty},
  urldate = {2025-02-24},
  url = {https://www.practical-tips.com/cs/automobily-a-mobilita/srovnani-aplikaci-na-pohonne-hmoty-meli-byste-vedet-ze-tyto/},
}

@article{Sarikova2021,
  author = {Monika Šaríková},
  journal = {Srovnaný magazín},
  title = {Jak najít nejlepší benzinku? Zkuste chytré aplikace},
  year = {2021},
  urldate = {2025-02-24},
  url = {https://www.srovnejto.cz/blog/kde-natankovat-kvalitni-palivo-za-nejlepsi-cenu-pomuze-mobilni-aplikace/},
}

@article{Vrablova2022,
  author = {Nikola Vrablová},
  journal = {Portál řidiče},
  title = {Aplikace s cenami benzínu do mobilu},
  year = {2022},
  urldate = {2025-02-24},
  url = {https://www.portalridice.cz/clanek/aplikace-s-cenami-benzinu-do-mobilu},
}

@online{6Iu1gVZ78pC1UwDY,
  journal = {Django},
  title = {Django Overview},
  year = {2005},
  urldate = {2024-11-30},
  url = {https://www.djangoproject.com/start/overview/},
}

@online{MaXujkYEm0JxWPDM,
  journal = {Opensolr Crawler},
  title = {Opensolr Cloud Pricing},
  year = {2011},
  urldate = {2024-11-30},
  url = {https://opensolr.com/pricing},
}

